@book{wartak2013computational,
  title={Computational photonics: an introduction with MATLAB},
  author={Wartak, Marek S},
  year={2013},
  publisher={Cambridge University Press}
}